<?xml version="1.0" encoding="utf-8"?>
<record xmlns="http://www.loc.gov/MARC21/slim" xmlns:xsi="http://www.w3.org/2001/XMLSchema-instance" xsi:schemaLocation="http://www.loc.gov/MARC21/slim http://www.loc.gov/standards/marcxml/schema/MARC21slim.xsd">
	<leader>     nam a22        4500</leader>
	<controlfield tag="001">b12525649</controlfield>
	<controlfield tag="003">LeBAU</controlfield>
	<controlfield tag="006">m        d        </controlfield>
	<controlfield tag="007">cr cn |||m|||a</controlfield>
	<controlfield tag="008">170718s1904    ua      o     ||0 d ara d</controlfield>
	<datafield ind1=" " ind2=" " tag="040">
		<subfield code="a">NNU</subfield>
		<subfield code="b">ara</subfield>
		<subfield code="e">rda</subfield>
		<subfield code="c">NNU</subfield>
	</datafield>
	<datafield ind1="1" ind2=" " tag="041">
		<subfield code="a">ara</subfield>
		<subfield code="h">fre</subfield>
	</datafield>
	<datafield ind1="0" ind2="4" tag="082">
		<subfield code="a">848</subfield>
		<subfield code="2">20</subfield>
	</datafield>
	<datafield ind1="1" ind2=" " tag="100">
		<subfield code="6">880-01</subfield>
		<subfield code="a">Corneille, Pierre,</subfield>
		<subfield code="d">1606-1684,</subfield>
		<subfield code="e">author.</subfield>
	</datafield>
	<datafield ind1="1" ind2="3" tag="240">
		<subfield code="a">Le Cid.</subfield>
		<subfield code="l">Arabic</subfield>
	</datafield>
	<datafield ind1="1" ind2="0" tag="245">
		<subfield code="6">880-02</subfield>
		<subfield code="a">al-Sayyid /</subfield>
		<subfield code="c">Biyīr Kūrīnī ; tarjamat Najīb al-Ḥaddād.</subfield>
	</datafield>
	<datafield ind1=" " ind2="1" tag="264">
		<subfield code="6">880-03</subfield>
		<subfield code="a">al-Iskandarīyah :</subfield>
		<subfield code="b">Maṭbaʻat Jurjī Gharzūzī,</subfield>
		<subfield code="c">1904.</subfield>
	</datafield>
	<datafield ind1=" " ind2=" " tag="300">
		<subfield code="6">880-04</subfield>
		<subfield code="a">online resource (112 pages)</subfield>
	</datafield>
	<datafield ind1=" " ind2=" " tag="336">
		<subfield code="a">text</subfield>
		<subfield code="2">rdacontent</subfield>
	</datafield>
	<datafield ind1=" " ind2=" " tag="337">
		<subfield code="a">computer</subfield>
		<subfield code="2">rdamedia</subfield>
	</datafield>
	<datafield ind1=" " ind2=" " tag="338">
		<subfield code="a">online resource</subfield>
		<subfield code="2">rdacarrier</subfield>
	</datafield>
	<datafield ind1=" " ind2=" " tag="500">
		<subfield code="a">Part of the Arabic Collections Online (ACO) project, contributed by American University of Beirut's Jafet Memorial Library.</subfield>
	</datafield>
	<datafield ind1=" " ind2=" " tag="533">
		<subfield code="a">Electronic reproduction.</subfield>
		<subfield code="b">New York, N.Y. :</subfield>
		<subfield code="c">New York University,</subfield>
		<subfield code="d">2017.</subfield>
		<subfield code="5">NNU</subfield>
	</datafield>
	<datafield ind1=" " ind2="4" tag="650">
		<subfield code="a">المسرحية الفرنسية (المأساة)</subfield>
	</datafield>
	<datafield ind1=" " ind2="4" tag="650">
		<subfield code="a">المسرحية الفرنسية</subfield>
		<subfield code="v">ترجمات الى العربية.</subfield>
	</datafield>
	<datafield ind1=" " ind2="0" tag="650">
		<subfield code="a">French drama (Tragedy)</subfield>
	</datafield>
	<datafield ind1=" " ind2="0" tag="650">
		<subfield code="a">French drama</subfield>
		<subfield code="v">Translations into Arabic.</subfield>
	</datafield>
	<datafield ind1=" " ind2="4" tag="655">
		<subfield code="a">مسرحية.</subfield>
	</datafield>
	<datafield ind1=" " ind2="0" tag="655">
		<subfield code="a">Drama.</subfield>
	</datafield>
	<datafield ind1="1" ind2=" " tag="700">
		<subfield code="6">880-05</subfield>
		<subfield code="a">Ḥaddād, Najīb ibn Sulaymān,</subfield>
		<subfield code="d">1867-1899,</subfield>
		<subfield code="e">translator.</subfield>
	</datafield>
	<datafield ind1="2" ind2=" " tag="710">
		<subfield code="a">Jafet Memorial Library.</subfield>
	</datafield>
	<datafield ind1="0" ind2=" " tag="730">
		<subfield code="a">Arabic Collections Online.</subfield>
	</datafield>
	<datafield ind1="0" ind2=" " tag="765">
		<subfield code="6">880-08</subfield>
		<subfield code="i">ترجمة كتاب (عمل):</subfield>
		<subfield code="t">Le Cid.</subfield>
		<subfield code="d">Paris : Bordas, 1964</subfield>
		<subfield code="w">(OCoLC)03383085</subfield>
		<subfield code="w">(OCoLC)03383085</subfield>
		<subfield code="a">Translation of (work):</subfield>
	</datafield>
	<datafield ind1="0" ind2=" " tag="775">
		<subfield code="6">880-06</subfield>
		<subfield code="t">رواية السيد : غرام وإنتقام : أدبية. تاريخية. غرامية. تشخيصية.</subfield>
		<subfield code="d">[Miṣr?] : [publisher not identified], [between 1900 and 1920?]</subfield>
		<subfield code="w">b18436687</subfield>
		<subfield code="a">Riwayat al-Sīd : Gharām wa-intiqām : adabīyah. tarīkhīyah. gharāmīyah. tamthīlīyah. tashkhīṣīyah</subfield>
	</datafield>
	<datafield ind1="0" ind2=" " tag="775">
		<subfield code="6">880-07</subfield>
		<subfield code="t">رواية السيد : غرام وانتقام : أدبية تاريخية غرامية تشخيصية.</subfield>
		<subfield code="d">[Bayrūt] : Maṭba‘at al-Tawfīq, [between 1900 and 1960?]</subfield>
		<subfield code="w">b18380438</subfield>
		<subfield code="a">Riwayat al-Sīd : Gharām wa-intiqām : adabīyah. tarīkhīyah. gharāmīyah. tamthīlīyah. tashkhīṣīyah</subfield>
	</datafield>
	<datafield ind1="0" ind2="8" tag="776">
		<subfield code="i">Print version:</subfield>
		<subfield code="a">Corneille, Pierre, 1606-1684, author.</subfield>
		<subfield code="t">al-Sayyid</subfield>
		<subfield code="w">(LeBAU)b12525649</subfield>
	</datafield>
	<datafield ind1="4" ind2="0" tag="856">
		<subfield code="u">http://hdl.handle.net/2333.1/wm37q1hv</subfield>
	</datafield>
	<datafield ind1="1" ind2=" " tag="880">
		<subfield code="6">100-01/(3/r</subfield>
		<subfield code="a">كورنيي، بيير،</subfield>
		<subfield code="d">1606-1684،</subfield>
		<subfield code="e">مؤلف. </subfield>
		<subfield code="4">aut.</subfield>
	</datafield>
	<datafield ind1="1" ind2="3" tag="880">
		<subfield code="6">245-02/(3/r</subfield>
		<subfield code="a">السيد /</subfield>
		<subfield code="c">بيير كورنيي ؛ ترجمة نجيب الحداد.</subfield>
	</datafield>
	<datafield ind1=" " ind2="1" tag="880">
		<subfield code="6">264-03/(3/r</subfield>
		<subfield code="a">الاسكندرية :</subfield>
		<subfield code="b">مطبعة جرجي غرزوزي،</subfield>
		<subfield code="c">1904.</subfield>
	</datafield>
	<datafield ind1=" " ind2=" " tag="880">
		<subfield code="6">300-04/(3/r</subfield>
		<subfield code="a">112 صفحة ؛</subfield>
		<subfield code="c">17 سم</subfield>
	</datafield>
	<datafield ind1="1" ind2=" " tag="880">
		<subfield code="6">700-05/(3/r</subfield>
		<subfield code="a">الحداد، نجيب بن سليمان،</subfield>
		<subfield code="d">1867-1899.</subfield>
		<subfield code="e">مترجم. </subfield>
		<subfield code="4">trl.</subfield>
	</datafield>
	<datafield ind1="0" ind2=" " tag="880">
		<subfield code="6">775-06/(3/r</subfield>
		<subfield code="a">Riwayat al-Sīd : Gharām wa-intiqām : adabīyah. tarīkhīyah. gharāmīyah. tamthīlīyah. tashkhīṣīyah</subfield>
		<subfield code="d">[مصر؟] : [الناشر غير محدد]، [ما بين 1900 و 1920؟ ]</subfield>
		<subfield code="w">b18436687</subfield>
	</datafield>
	<datafield ind1="0" ind2=" " tag="880">
		<subfield code="6">775-07/(3/r</subfield>
		<subfield code="a">Riwayat al-Sīd : Gharām wa-intiqām : adabīyah. tarīkhīyah. gharāmīyah. tamthīlīyah. tashkhīṣīyah</subfield>
		<subfield code="d">[بيروت] : مطبعة التوفيق، [ما بين 1900 و 1960؟] </subfield>
		<subfield code="w">b18380438</subfield>
	</datafield>
	<datafield ind1="0" ind2=" " tag="880">
		<subfield code="6">765-08/(3/r</subfield>
		<subfield code="a">Translation of (work):</subfield>
		<subfield code="t">Le Cid.</subfield>
		<subfield code="d">Paris : Bordas, 1964</subfield>
		<subfield code="w">b1190849x</subfield>
		<subfield code="w">(OCoLC)03383085</subfield>
	</datafield>
	<datafield ind1=" " ind2=" " tag="959">
		<subfield code="a">NNU</subfield>
		<subfield code="b">WEB</subfield>
		<subfield code="c">GENI</subfield>
		<subfield code="t">0</subfield>
		<subfield code="m">Electronic access</subfield>
		<subfield code="s">01</subfield>
	</datafield>
	<datafield ind1=" " ind2=" " tag="999">
		<subfield code="i">LeBAU_b12525649</subfield>
		<subfield code="s">aub_aco001039</subfield>
		<subfield code="e">(ERROR-880)(ERROR-MISC)</subfield>
	</datafield>
</record>
